@article{Berg:2021,
 author = {Berg, Kristian and Aronoff, Mark},
 doi = {10.1007/s11525-021-09379-5},
 journal = {Morphology},
 number = {3},
 pages = {315--328},
 title = {Is the {English} writing system phonographic or lexical/morphological? {A} new look at the spelling of stems},
 volume = {31},
 year = {2021}
}

@article{Carr:2017,
 author = {Carr, Jon W and Smith, Kenny and Cornish, Hannah and Kirby, Simon},
 doi = {10.1111/cogs.12371},
 journal = {Cognitive Science},
 number = {4},
 pages = {892--923},
 title = {The Cultural Evolution of Structured Languages in an Open-Ended, Continuous World},
 volume = {41},
 year = {2017}
}

@article{Carr:2020,
 author = {Carr, Jon W and Smith, Kenny and Culbertson, Jennifer and Kirby, Simon},
 doi = {10.1016/j.cognition.2020.104289},
 journal = {Cognition},
 pages = {Article 104289},
 title = {Simplicity and Informativeness in Semantic Category Systems},
 volume = {202},
 year = {2020}
}

@article{Ferdinand:2019,
 author = {Ferdinand, Vanessa and Kirby, Simon and Smith, Kenny},
 doi = {10/czgf},
 journal = {Cognition},
 pages = {53--68},
 title = {{The cognitive roots of regularization in language}},
 volume = {184},
 year = {2019}
}

@book{Gabelentz:1891,
 author = {von~der~Gabelentz, Georg},
 englishtitle = {Linguistics: Aims, methods, and current results},
 publisher = {T.O. Weigel Nachfolger},
 title = {{Die Sprachwissenschaft: Ihre Aufgaben, Methoden und bisherigen Ergebnisse}},
 year = {1891}
}

@article{Kemp:2018,
 author = {Kemp, Charles and Xu, Yang and Regier, Terry},
 doi = {10.1146/annurev-linguistics-011817-045406},
 journal = {Annual Review of Linguistics},
 pages = {109--128},
 title = {{Semantic typology and efficient communication}},
 volume = {4},
 year = {2018}
}

@article{KempRegier:2012,
 author = {Kemp, Charles and Regier, Terry},
 doi = {10.1126/science.1218811},
 journal = {Science},
 number = {6084},
 pages = {1049--1054},
 title = {{Kinship categories across languages reflect general communicative principles}},
 volume = {336},
 year = {2012}
}

@article{Kirby:2008,
 author = {Kirby, Simon and Cornish, Hannah and Smith, Kenny},
 doi = {10.1073/pnas.0707835105},
 journal = {Proceedings of the National Academy of Sciences of the USA},
 number = {31},
 pages = {10681--10686},
 title = {{Cumulative cultural evolution in the laboratory: An experimental approach to the origins of structure in human language}},
 volume = {105},
 year = {2008}
}

@article{Kirby:2015,
 author = {Kirby, Simon and Tamariz, M{\'o}nica and Cornish, Hannah and Smith, Kenny},
 doi = {10.1016/j.cognition.2015.03.016},
 journal = {Cognition},
 pages = {87--102},
 title = {{Compression and communication in the cultural evolution of linguistic structure}},
 volume = {141},
 year = {2015}
}

@article{Martinet:1952,
 author = {Martinet, Andr{\'e}},
 doi = {10.1080/00437956.1952.11659416},
 journal = {Word},
 number = {1},
 pages = {1--32},
 title = {{Function, structure, and sound change}},
 volume = {8},
 year = {1952}
}

@inbook{Rosch:1978,
 author = {Rosch, Eleanor H},
 booktitle = {Cognition and categorization},
 editor = {Rosch, Eleanor H and Lloyd, Barbara B},
 pages = {27--48},
 publisher = {Lawrence Erlbaum},
 title = {{Principles of categorization}},
 year = {1978}
}

@article{Smith:2010,
 author = {Smith, Kenny and Wonnacott, Elizabeth},
 doi = {10.1016/j.cognition.2010.06.004},
 journal = {Cognition},
 pages = {444--449},
 title = {{Eliminating unpredictable variation through iterated learning}},
 volume = {116},
 year = {2010}
}

@article{Verhoef:2015,
 author = {Verhoef, Tessa and Kirby, Simon and de~Boer, Bart},
 doi = {10.1111/cogs.12326},
 journal = {Cognitive Science},
 pages = {1969--1994},
 title = {{Iconicity and the emergence of combinatorial structure in language}},
 volume = {40},
 year = {2015}
}

@book{Zipf:1949,
 author = {Zipf, George Kingsley},
 publisher = {Addison--Wesley},
 title = {{Human behavior and the principle of least effort}},
 year = {1949}
}
